@article{satzilla08,
  author    = {Lin Xu and
               Frank Hutter and
               Holger H. Hoos and
               Kevin Leyton{-}Brown},
  title     = {{SATzilla}: Portfolio-based Algorithm Selection for {SAT}},
  journal   = {J. Artif. Intell. Res.},
  volume    = {32},
  pages     = {565--606},
  year      = {2008},
  url       = {https://doi.org/10.1613/jair.2490},
  doi       = {10.1613/jair.2490},
  timestamp = {Mon, 21 Jan 2019 15:01:17 +0100},
  biburl    = {https://dblp.org/rec/bib/journals/jair/XuHHL08},
  bibsource = {dblp computer science bibliography, https://dblp.org}
}


@inproceedings{canoy-cp19,
  author    = {Rocsildes Canoy and
               Tias Guns},
  title     = {Vehicle Routing by Learning from Historical Solutions},
  booktitle = {Principles and Practice of Constraint Programming - 25th International
               Conference, {CP} 2019, Stamford, CT, USA, September 30 - October 4,
               2019, Proceedings},
  pages     = {54--70},
  year      = {2019},
  crossref  = {DBLP:conf/cp/2019},
  url       = {https://doi.org/10.1007/978-3-030-30048-7\_4},
  doi       = {10.1007/978-3-030-30048-7\_4},
  timestamp = {Mon, 23 Sep 2019 13:59:34 +0200},
  biburl    = {https://dblp.org/rec/bib/conf/cp/CanoyG19},
  bibsource = {dblp computer science bibliography, https://dblp.org}
}
@proceedings{DBLP:conf/cp/2019,
  editor    = {Thomas Schiex and
               Simon de Givry},
  title     = {Principles and Practice of Constraint Programming - 25th International
               Conference, {CP} 2019, Stamford, CT, USA, September 30 - October 4,
               2019, Proceedings},
  series    = {Lecture Notes in Computer Science},
  volume    = {11802},
  publisher = {Springer},
  year      = {2019},
  url       = {https://doi.org/10.1007/978-3-030-30048-7},
  doi       = {10.1007/978-3-030-30048-7},
  isbn      = {978-3-030-30047-0},
  timestamp = {Mon, 23 Sep 2019 13:55:24 +0200},
  biburl    = {https://dblp.org/rec/bib/conf/cp/2019},
  bibsource = {dblp computer science bibliography, https://dblp.org}
}
